@comment{x-kbibtex-personnameformatting=<%l><, %f>}

@inproceedings{spe7-1991,
	author = "Nghiem, Long and Collins, David A. and Sharma, Ravi",
	booktitle = "{SPE Symposium on Reservoir Simulation, 17-20 February, Anaheim, California}",
	isbn = "978-1-55563-535-0",
	publisher = "Society of Petroleum Engineers",
	title = "{Seventh SPE Comparative Solution Project: Modelling of Horizontal Wells in Reservoir Simulation}",
	year = "1991"
}

